<record><leader>00000cas a22000007a 4500</leader><controlfield tag="001">18578537</controlfield><controlfield tag="008">881007c19639999laudn ne      0   a0eng d</controlfield><datafield ind1=" " ind2=" " tag="010"><subfield code="a">sn 88064662 </subfield></datafield><datafield ind1=" " ind2=" " tag="040"><subfield code="a">LNP</subfield><subfield code="b">eng</subfield><subfield code="c">LNP</subfield><subfield code="d">NSD</subfield><subfield code="d">LNP</subfield><subfield code="d">OCLCQ</subfield><subfield code="d">OCLCF</subfield><subfield code="d">OCLCO</subfield></datafield><datafield ind1=" " ind2=" " tag="012"><subfield code="m">1</subfield></datafield><datafield ind1="1" ind2=" " tag="022"><subfield code="a">1049-3395</subfield><subfield code="l">1049-3395</subfield><subfield code="2">1</subfield></datafield><datafield ind1=" " ind2=" " tag="032"><subfield code="a">233800</subfield><subfield code="b">USPS</subfield></datafield><datafield ind1=" " ind2=" " tag="037"><subfield code="b">Hammond Daily Star Pub. Co., Inc., 725 S. Morrison Blvd., Hammond, LA 70403</subfield></datafield><datafield ind1=" " ind2=" " tag="042"><subfield code="a">msc</subfield><subfield code="a">nsdp</subfield></datafield><datafield ind1=" " ind2=" " tag="043"><subfield code="a">n-us-la</subfield></datafield><datafield ind1="0" ind2=" " tag="130"><subfield code="a">Daily star (Hammond, La.)</subfield></datafield><datafield ind1=" " ind2="0" tag="222"><subfield code="a">Daily star</subfield><subfield code="b">(Hammond, La.)</subfield></datafield><datafield ind1="1" ind2="4" tag="245"><subfield code="a">The Daily star.</subfield></datafield><datafield ind1="3" ind2="0" tag="246"><subfield code="a">Sunday star</subfield></datafield><datafield ind1="1" ind2="3" tag="246"><subfield code="a">Hammond daily star</subfield></datafield><datafield ind1="1" ind2="7" tag="246"><subfield code="a">Hammond (La.) daily star</subfield><subfield code="f">&lt;Feb. 14, 1990-&gt;</subfield></datafield><datafield ind1=" " ind2=" " tag="260"><subfield code="a">Hammond, La. :</subfield><subfield code="b">[s.n.]</subfield></datafield><datafield ind1=" " ind2=" " tag="300"><subfield code="a">v.</subfield></datafield><datafield ind1=" " ind2=" " tag="310"><subfield code="a">Daily (except Mon. and holidays),</subfield><subfield code="b">Feb. 23, 2008-</subfield></datafield><datafield ind1=" " ind2=" " tag="321"><subfield code="a">Daily (except Sat. and Sun.),</subfield><subfield code="b">1963-June 24, 1977</subfield></datafield><datafield ind1=" " ind2=" " tag="321"><subfield code="a">Daily (except Sat. and holidays),</subfield><subfield code="b">June 26, 1977-Feb. 22, 2008</subfield></datafield><datafield ind1="0" ind2=" " tag="362"><subfield code="a">Vol. 4, no. 246 (Nov. 1, 1963)-</subfield></datafield><datafield ind1=" " ind2=" " tag="500"><subfield code="a">On Sunday published as: Sunday star, June 26, 1977-</subfield></datafield><datafield ind1=" " ind2=" " tag="500"><subfield code="a">Published by: Hammond Daily Star Publishing Co., &lt;Feb. 14, 1990-&gt;</subfield></datafield><datafield ind1=" " ind2=" " tag="515"><subfield code="a">Sunday issues carry separate numbering.</subfield></datafield><datafield ind1=" " ind2=" " tag="580"><subfield code="a">Included the Hammond vindicator on Tuesday edition and later Thursday edition with its own title and vol. numbering: Vindicator, a publication of the Daily star (v. 114, no. 1-no. 88).</subfield></datafield><datafield ind1=" " ind2=" " tag="588"><subfield code="a">Latest issue consulted: Vol. 31, no. 64 (Feb. 14, 1990).</subfield></datafield><datafield ind1=" " ind2="0" tag="651"><subfield code="a">Hammond (La.)</subfield><subfield code="v">Newspapers.</subfield></datafield><datafield ind1=" " ind2="7" tag="655"><subfield code="a">Newspapers.</subfield><subfield code="2">fast</subfield><subfield code="0">(OCoLC)fst01423814</subfield></datafield><datafield ind1=" " ind2="7" tag="651"><subfield code="a">Louisiana</subfield><subfield code="z">Hammond.</subfield><subfield code="2">fast</subfield><subfield code="0">(OCoLC)fst01216216</subfield></datafield><datafield ind1=" " ind2=" " tag="752"><subfield code="a">United States</subfield><subfield code="b">Louisiana</subfield><subfield code="c">Tangipahoa</subfield><subfield code="d">Hammond.</subfield></datafield><datafield ind1="0" ind2="0" tag="780"><subfield code="t">Hammond daily star</subfield><subfield code="w">(DLC)sn 88064661</subfield></datafield><datafield ind1="1" ind2="5" tag="780"><subfield code="t">Hammond vindicator</subfield><subfield code="g">Sept. 30, 2003</subfield><subfield code="w">(DLC)sn 82000204</subfield></datafield></record>